@article{Reynolds,
  title={An experimental investigation of the circumstances which determine whether the motion of water shall be direct or sinuous, and of the law of resistance in parallel channels},
  author={Reynolds, Osborne},
  journal={Philosophical Transactions of the Royal society of London},
  number={174},
  pages={935--982},
  year={1883},
  publisher={The Royal Society London}
}
@article{LOPEZ,
  title = "nsCouette – A high-performance code for direct numerical simulations of turbulent Taylor–Couette flow",
  journal = "SoftwareX",
  volume = "11",
  pages = "100395",
  year = "2020",
  issn = "2352-7110",
  doi = "https://doi.org/10.1016/j.softx.2019.100395",
  url = "http://www.sciencedirect.com/science/article/pii/S2352711019302298",
  author = "Jose Manuel López and Daniel Feldmann and Markus Rampp and Alberto Vela-Martín and Liang Shi and Marc Avila",
}
@article{Meseguer,
  title={Linearized pipe flow to Reynolds number 107},
  author={Meseguer, A and Trefethen, Lloyd N},
  journal={Journal of Computational Physics},
  volume={186},
  number={1},
  pages={178--197},
  year={2003},
  publisher={Elsevier}
}
@article{eckhardt,
  title={Turbulence transition in pipe flow},
  author={Eckhardt, Bruno and Schneider, Tobias M and Hof, Bjorn and Westerweel, Jerry},
  journal={Annu. Rev. Fluid Mech.},
  volume={39},
  pages={447--468},
  year={2007},
  publisher={Annual Reviews}
}
@article{avila2010, 
  title={On the transient nature of localized pipe flow turbulence}, 
  volume={646}, DOI={10.1017/S0022112009993296}, 
  journal={Journal of Fluid Mechanics}, 
  publisher={Cambridge University Press}, 
  author={Avila, Marc and Willis, Ashley P. and Hof, Björn}, 
  year={2010}, 
  pages={127–136}
}
@article{avila,
  title={The onset of turbulence in pipe flow},
  author={Avila, Kerstin and Moxey, David and de Lozar, Alberto and Avila, Marc and Barkley, Dwight and Hof, Bj{\"o}rn},
  journal={Science},
  volume={333},
  number={6039},
  pages={192--196},
  year={2011},
  publisher={American Association for the Advancement of Science}
}
@article{AvilaAnnRev,
  author = {Avila, Marc and Barkley, Dwight and Hof, Bj\"{o}rn},
  title = {Transition to Turbulence in Pipe Flow},
  journal = {Annual Review of Fluid Mechanics},
  volume = {55},
  number = {1},
  pages = {null},
  year = {2023},
  doi = {10.1146/annurev-fluid-120720-025957},
  URL={https://doi.org/10.1146/annurev-fluid-120720-025957},
  eprint = {https://doi.org/10.1146/annurev-fluid-120720-025957},
}
@article{womersley1955method,
  title={Method for the calculation of velocity, rate of flow and viscous drag in arteries when the pressure gradient is known},
  author={Womersley, John R},
  journal={The Journal of physiology},
  volume={127},
  number={3},
  pages={553},
  year={1955},
  publisher={Wiley-Blackwell}
}
@incollection{cowley1987high,
  title={High frequency Rayleigh instability of Stokes layers},
  author={Cowley, Stephen J},
  booktitle={Stability of time dependent and spatially varying flows},
  pages={261--275},
  year={1987},
  publisher={Springer}
}
@misc{nebauer2019, 
  title={On the Stability and Transition of Time Periodic Pipe Flow}, 
  url={https://bridges.monash.edu/articles/thesis/On_the_Stability_and_Transition_of_Time_Periodic_Pipe_Flow/8197283/1}, 
  DOI={10.26180/5cee1f352f733},  
  publisher={Monash University}, 
  author={Nebauer, JONATHAN RICHARD ALAN}, 
  year={2019}, 
  month={May} 
} 
@article{xu2017,
  title={Transition to turbulence in pulsating pipe flow},
  author={Xu, Duo and Warnecke, Sascha and Song, Baofang and Ma, Xingyu and Hof, Bj{\"o}rn},
  journal={Journal of Fluid Mechanics},
  volume={831},
  pages={418--432},
  year={2017},
  publisher={Cambridge University Press}
}
@article{xu2018,
  title={The effect of pulsation frequency on transition in pulsatile pipe flow},
  author={Xu, Duo and Avila, Marc},
  journal={Journal of Fluid Mechanics},
  volume={857},
  pages={937--951},
  year={2018},
  publisher={Cambridge University Press}
}
@article{xu2020PNAS,
  title={Nonlinear hydrodynamic instability and turbulence in pulsatile flow},
  author={Xu, Duo and Varshney, Atul and Ma, Xingyu and Song, Baofang and Riedl, Michael and Avila, Marc and Hof, Bj{\"o}rn},
  journal={Proceedings of the National Academy of Sciences},
  volume={117},
  number={21},
  pages={11233--11239},
  year={2020},
  publisher={National Acad Sciences}
}
@article{xu2021non,
  title={Non-modal transient growth of disturbances in pulsatile and oscillatory pipe flows},
  author={Xu, Duo and Song, Baofang and Avila, Marc},
  journal={Journal of Fluid Mechanics},
  volume={907},
  year={2021},
  publisher={Cambridge University Press}
}
@Article{entropy2021,
  AUTHOR = {Feldmann, Daniel and Morón, Daniel and Avila, Marc},
  TITLE = {Spatiotemporal Intermittency in Pulsatile Pipe Flow},
  JOURNAL = {Entropy},
  VOLUME = {23},
  YEAR = {2021},
  NUMBER = {1},
  ARTICLE-NUMBER = {46},
  URL = {https://www.mdpi.com/1099-4300/23/1/46},
  PubMedID = {33396799},
  ISSN = {1099-4300},
  DOI = {10.3390/e23010046}
}
@article{moron2022, 
  title={Effect of waveform on turbulence transition in pulsatile pipe flow}, 
  volume={948}, 
  DOI={10.1017/jfm.2022.681}, 
  journal={Journal of Fluid Mechanics}, 
  publisher={Cambridge University Press}, 
  author={Morón, Daniel and Feldmann, Daniel and Avila, Marc}, 
  year={2022}, 
  pages={A20}
}
@inproceedings{barkley2011modeling,
  title={Modeling the transition to turbulence in shear flows},
  author={Barkley, Dwight},
  booktitle={Journal of Physics: Conference Series},
  volume={318},
  number={3},
  pages={032001},
  year={2011},
  organization={IOP Publishing}
}
@article{barkley2011simplifying,
  title={Simplifying the complexity of pipe flow},
  author={Barkley, Dwight},
  journal={Physical Review E},
  volume={84},
  number={1},
  pages={016309},
  year={2011},
  publisher={APS}
}
@article{barkley2015rise,
  title={The rise of fully turbulent flow},
  author={Barkley, Dwight and Song, Baofang and Mukund, Vasudevan and Lemoult, Gr{\'e}goire and Avila, Marc and Hof, Bj{\"o}rn},
  journal={Nature},
  volume={526},
  number={7574},
  pages={550--553},
  year={2015},
  publisher={Nature Publishing Group}
}
@article{barkley2016, 
  title={Theoretical perspective on the route to turbulence in a pipe}, 
  volume={803}, 
  DOI={10.1017/jfm.2016.465},
  journal={Journal of Fluid Mechanics},
  publisher={Cambridge University Press},
  author={Barkley, D.}, 
  year={2016}, 
  pages={P1}
}
@article{splitBarkley,
  author = {Frishman, Anna  and Grafke, Tobias },
  title = {Mechanism for turbulence proliferation in subcritical flows},
  journal = {Proceedings of the Royal Society A: Mathematical, Physical and Engineering Sciences},
  volume = {478},
  number = {2265},
  pages = {20220218},
  year = {2022},
  doi = {10.1098/rspa.2022.0218},
  URL = {https://royalsocietypublishing.org/doi/abs/10.1098/rspa.2022.0218},
  eprint = {https://royalsocietypublishing.org/doi/pdf/10.1098/rspa.2022.0218},
}
@article{heatedPipe,
  author = {Romanò,Francesco  and Charles,Antoine  and Dottori,François  and Amir Bahrani,S. },
  title = {Transition to turbulence in a heated non-Newtonian pipe flow},
  journal = {Physics of Fluids},
  volume = {33},
  number = {9},
  pages = {091702},
  year = {2021},
  doi = {10.1063/5.0064456},
  URL = {https://doi.org/10.1063/5.0064456},
  eprint = {https://doi.org/10.1063/5.0064456}
}
@article{Golden2016,
  title={Ecological collapse and the emergence of travelling waves at the onset of shear turbulence},
  author={Shih, Hong-Yan and Hsieh, Tsung-Lin and Goldenfeld, Nigel},
  journal={Nature Physics},
  volume={12},
  number={3},
  pages={245--248},
  year={2016},
  publisher={Nature Publishing Group}
}
@article{Song2017, 
 title={Speed and structure of turbulent fronts in pipe flow}, 
 volume={813}, DOI={10.1017/jfm.2017.14}, 
 journal={Journal of Fluid Mechanics}, 
 publisher={Cambridge University Press}, 
 author={Song, Baofang and Barkley, 
 Dwight and Hof, Björn and Avila, Marc}, 
 year={2017}, 
 pages={1045–1059}
}
@article{chen2022, 
  title={Propagation speed of turbulent fronts in pipe flow at high Reynolds numbers}, 
  volume={935}, 
  DOI={10.1017/jfm.2021.1160}, 
  journal={Journal of Fluid Mechanics}, 
  publisher={Cambridge University Press}, 
  author={Chen, Kaiwen and Xu, Duo and Song, Baofang}, 
  year={2022}, 
  pages={A11}
}
