@inproceedings{barkley2011modeling,
  title={Modeling the transition to turbulence in shear flows},
  author={Barkley, Dwight},
  booktitle={Journal of Physics: Conference Series},
  volume={318},
  number={3},
  pages={032001},
  year={2011},
  organization={IOP Publishing}
}
@article{barkley2011simplifying,
  title={Simplifying the complexity of pipe flow},
  author={Barkley, Dwight},
  journal={Physical Review E},
  volume={84},
  number={1},
  pages={016309},
  year={2011},
  publisher={APS}
}
@article{barkley2015rise,
  title={The rise of fully turbulent flow},
  author={Barkley, Dwight and Song, Baofang and Mukund, Vasudevan and Lemoult, Gr{\'e}goire and Avila, Marc and Hof, Bj{\"o}rn},
  journal={Nature},
  volume={526},
  number={7574},
  pages={550--553},
  year={2015},
  publisher={Nature Publishing Group}
}
@article{barkley2016, 
  title={Theoretical perspective on the route to turbulence in a pipe}, 
  volume={803}, 
  DOI={10.1017/jfm.2016.465},
  journal={Journal of Fluid Mechanics},
  publisher={Cambridge University Press},
  author={Barkley, D.}, 
  year={2016}, 
  pages={P1}
}
